%\bibitem{1} 
@conference{lodcloud,
      title = {Adoption of the Linked Data Best Practices in Different Topical Domains},
       year = {2014},
     volume = {8796},
  publisher = {Springer Internat. Publ.},
     number = {11},
    journal = {Lecture Notes in Computer Science},
     author = {Max Schmachtenberg, Christian Bizer and Heiko Paulheim}
}

%\bibitem{2} 
@inproceedings{lodlive1,
 author = {Camarda, Diego Valerio and Mazzini, Silvia and Antonuccio, Alessandro},
 title = {LodLive, Exploring the Web of Data},
 booktitle = {Proceedings of the 8th International Conference on Semantic Systems},
 series = {I-SEMANTICS '12},
 year = {2012},
 isbn = {978-1-4503-1112-0},
 location = {Graz, Austria},
 pages = {197--200},
 numpages = {4},
 url = {http://doi.acm.org/10.1145/2362499.2362532},
 doi = {10.1145/2362499.2362532},
 acmid = {2362532},
 publisher = {ACM},
 address = {New York, NY, USA},
 keywords = {RDF, SPARQL, graph, linked open data, visualization},
} 

%\bibitem{3} 
@article{Dadzie2011,
 author = {Dadzie, Aba-Sah and Rowe, Matthew},
 title = {Approaches to Visualising Linked Data: A Survey},
 journal = {Semant. web},
 issue_date = {April 2011},
 volume = {2},
 number = {2},
 month = apr,
 year = {2011},
 issn = {1570-0844},
 pages = {89--124},
 numpages = {36},
 url = {http://dx.doi.org/10.3233/SW-2011-0037},
 doi = {10.3233/SW-2011-0037},
 acmid = {2336454},
 publisher = {IOS Press},
 address = {Amsterdam, The Netherlands, The Netherlands},
 keywords = {consumption, information visualisation, linked data, user-centred design, users, visual analytics},
}

%\bibitem{4} 
@electronic{Protovis,
  title = {Protovis: Linked Open Data Graph. 2012. Available in: http://inkdroid.org/lod-graph/}
}

%\bibitem{5} 
@electronic{d3js,
  author = {Bostock, Mike},
  biburl = {http://www.bibsonomy.org/bibtex/24fdb2faa7a94a7248a7fb5725aaa5afa/maxirichter},
  keywords = {browser css3 data html5 javascript visualization web},
  timestamp = {2012-11-08T12:33:57.000+0100},
  title = {D3.js - Data-Driven Documents},
  url = {http://d3js.org/},
  year = 2012
}

%\bibitem{6} 
@inproceedings{app24,
   author              = {Jakub Klímek and 
                          Jirí Helmich and 
                          Martin Necaský},
   title               = {Application of the Linked Data Visualization Model on Real World Data from the Czech LOD Cloud.},
   booktitle           = {LDOW},
   year                = {2014},
   ee                  = {http://ceur-ws.org/Vol-1184/ldow2014_paper_13.pdf},
   crossref            = {2014},
}

%\bibitem{7} 
@electronic{SurveyLODDiagram1,
author = {Rene Kaiser},
  added-at = {2012-11-08T12:33:57.000+0100},
  keywords = {browser css3 data html5 javascript visualization web},
  title = {Visualizing Open Data. 2011. Available in: http://courses.iicm.tugraz.at/ivis/surveys/ss2011/g4-survey-open-data-vis.pdf}
}

%\bibitem{8} 
@misc{Voidgraph,
Author = {Luca Matteis},
Title = { {VoID-graph}: Visualize Linked Datasets on the Web},
Year = {2014},
Eprint = {arXiv:1408.6691},
}

%\bibitem{9} 
@inproceedings{rbkexplorer,
 author = {Glaser, Hugh and Millard, Ian C. and Jaffri, Afraz},
 title = {RKBExplorer.Com: A Knowledge Driven Infrastructure for Linked Data Providers},
 booktitle = {Proceedings of the 5th European Semantic Web Conference on The Semantic Web: Research and Applications},
 series = {ESWC'08},
 year = {2008},
 isbn = {3-540-68233-3, 978-3-540-68233-2},
 location = {Tenerife, Canary Islands, Spain},
 pages = {797--801},
 numpages = {5},
 url = {http://dl.acm.org/citation.cfm?id=1789394.1789470},
 acmid = {1789470},
 publisher = {Springer-Verlag},
 address = {Berlin, Heidelberg},
}

%\bibitem{10} 
@MISC{callimachus,
    author = {Steve Battle and David Wood and James Leigh and Luke Ruth},
    title = {The Callimachus Project: RDFa as a Web Template Language},
    year = {2012}
}

%\bibitem{11} 
@MISC{EmpCloud,
    title = {Empirical LOD Cloud Diagram},
    url = {http://inkdroid.org/empirical-cloud/},
    year = {2010}
}

%\bibitem{12} 
@article{DBLP:journals/corr/abs-0903-0194,
  author    = {Marko A. Rodriguez},
  title     = {A Graph Analysis of the Linked Data Cloud},
  journal   = {CoRR},
  year      = {2009},
  volume    = {abs/0903.0194},
  url       = {http://arxiv.org/abs/0903.0194},
  timestamp = {Mon, 17 Nov 2014 10:27:46 +0100},
  biburl    = {http://dblp.uni-trier.de/rec/bib/journals/corr/abs-0903-0194},
  bibsource = {dblp computer science bibliography, http://dblp.org}
}

%\bibitem{13} 
@electronic{SeveralSurveys,
author = {Andrews, Keith},
  title = {Information Visualisation. 2011. Available in: http://courses.iicm.tugraz.at/ivis/surveys/},
  url = {http://courses.iicm.tugraz.at/ivis/surveys/}
}

%\bibitem{14} 
@electronic{VoIdGenerator,
author = {Cyganiak, Richard},
  title = {LOD Cloud VoID Generator. 2014. Available in: https://github.com/lod-cloud/datahub2void}
}

%\bibitem{15}
@electronic{WebCrawlVis,
author = {Banman, Kirby},
  keywords = {browser css3 data html5 javascript visualization web},
  title = {Semantic Web Crawling Visualization.2014. Available in: \url{https://github.com/kdbanman/visualcrawl}}
}

%\bibitem{16} 
@MISC{lod4all,
    author = {Lee, Vivian},
    title = {LOD for all. 2014. Available in: http://lod4all.net}
}

@MISC{lodcloud2014,
    author = {Richard Cyganiak},
    title = {The Linking Open Data cloud diagram. 2014. Available in: http://lod-cloud.net/}
}

%\bibitem{17} 
@MISC{Datahub2Void,
    author = {Cyganiak, Richard},
    title = {Datahub2Void. 2014. Available in: https://github.com/lod-cloud/datahub2void}
}

%\bibitem{18} 
@inproceedings{dataID2014,
  acmid = {2660538},
  added-at = {2014-11-14T15:30:35.000+0100},
  author = {Br{\"u}mmer, Martin and Baron, Ciro and Ermilov, Ivan and Freudenberg, Markus and Kontokostas, Dimitris and Hellmann, Sebastian},
  biburl = {http://www.bibsonomy.org/bibtex/2bc4517bf812e625bbefee00813a5d19a/aksw},
  booktitle = {Proceedings of the 10th International Conference on Semantic Systems},
  doi = {10.1145/2660517.2660538},
  interhash = {9345f1e0c6766b9abf851d92c6c2e4a9},
  intrahash = {bc4517bf812e625bbefee00813a5d19a},
  isbn = {978-1-4503-2927-9},
  keywords = {LiderEU baron bruemmer hellmann kontokostas},
  location = {Leipzig, Germany},
  pages = {84--91},
  publisher = {ACM},
  series = {SEM '14},
  timestamp = {2014-11-14T15:30:35.000+0100},
  title = {{DataID}: Towards Semantically Rich Metadata for Complex Datasets},
  url = {http://doi.acm.org/10.1145/2660517.2660538},
  year = 2014
}

@article{IJST38378,
	author = {Shah Khusro and Fouzia Jabeen and Syed Rahman Mashwani and Iftikhar Alam},
	title = {Linked Open Data: Towards the Realization of Semantic Web - A review},
	journal = {Indian Journal of Science and Technology},
	volume = {7},
	number = {6},
	year = {2014},
	keywords = {Dereferencing, Linked Open Data, LOD Cloud, RDF, URI},
	abstract = {This paper provides the reader from the base to the state of art in Linked Open Data (LOD), with issues and challenges. In addition, reader will be motivated by reading the projects analysed in the information space of five major computer science areas (Intelligence, Multimedia, Sensors, File System and Library), future trends and directions in LOD.},
	issn = {0974 -5645},	url = {http://www.indjst.org/index.php/indjst/article/view/38378}
}

@INPROCEEDINGS{dynlod,
    author = {Tobias Käfer and Jürgen Umbrich and Aidan Hogan and Axel Polleres},
    title = {Towards a Dynamic Linked Data Observatory},
    booktitle = {In LDOW at WWW},
    year = {2012}
}

@article{bloomfilter,
 author = {Bloom, Burton H.},
 title = {Space/Time Trade-offs in Hash Coding with Allowable Errors},
 journal = {Commun. ACM},
 issue_date = {July 1970},
 volume = {13},
 number = {7},
 month = jul,
 year = {1970},
 issn = {0001-0782},
 pages = {422--426},
 numpages = {5},
 url = {http://doi.acm.org/10.1145/362686.362692},
 doi = {10.1145/362686.362692},
 acmid = {362692},
 publisher = {ACM},
 address = {New York, NY, USA},
 keywords = {hash addressing, hash coding, retrieval efficiency, retrieval trade-offs, scatter storage, searching, storage efficiency, storage layout},
} 